3188 4972
212 337 257 401 20
696 342 755 386 ortu
774 364 806 371 -
826 334 942 402 perditur

245 514 362 576 tempore
379 507 501 559 dixerunt
514 507 566 560 317
585 511 644 571 (uos
658 507 791 560 Germani.

245 596 342 663 quibus
360 597 389 646 in
407 595 543 646 vocabulis
561 595 705 646 scribendis
724 594 789 646 nihil

876 507 971 573 plurali
990 522 1044 558 uon
1062 507 1198 573 coniungit
1217 504 1267 567 331
1300 509 1335 556 et
1354 521 1432 571 par·

875 596 935 644 tim
952 593 1014 644 412.

244 684 324 734 nimis
342 690 535 733 monstruosum
553 682 655 734 ridetur
737 681 790 731 112
841 683 1095 748 participiorum
1125 681 1177 732 abl.
1208 681 1236 730 in
1264 681 1273 730 i
1300 676 1354 730 356
1394 677 1432 730 de

244 786 372 822 summam
384 770 558 820 constantiam
566 770 595 819 in
604 768 715 820 diceudo
728 771 789 820 scri·

245 856 362 909 bendere
374 872 495 924 quaerere
506 857 588 907 animi
602 855 737 907 illiberalis
750 868 788 907 est

245 943 279 995 25
297 960 358 995 nam
375 945 404 994 in
414 942 571 994 huiusmodi
581 932 787 1008 [scenascaena]

244 1031 322 1081 rebus
340 1031 386 1096 qui
399 1030 573 1081 constantiam
586 1030 729 1094 postulant.
748 1031 788 1080 in-

243 1121 302 1183 epte
320 1118 416 1168 curiosi
435 1122 497 1167 sunt
518 1108 589 1176 2115.

208 1212 281 1256 ortu
299 1203 341 1254 96.

208 1290 346 1359 Ortygie
362 1291 424 1341 1οῑ.

206 1394 283 1430 roees
301 1379 330 1429 in
348 1393 384 1428 os
403 1405 436 1414 -
454 1391 491 1428 or
508 1376 569 1426 424.

208 1476 296 1531 genet.
309 1465 344 1516 [v
362 1465 391 1515 in
409 1479 445 1515 os
459 1467 493 1526 (e.
506 1481 529 1515 c.
543 1467 714 1525 senatuos)
727 1462 788 1514 397.

206 1551 362 1603 Oscorum
390 1556 429 1602 est
453 1567 472 1600 u
500 1558 687 1602 consonantem
705 1550 788 1600 lacere

240 1654 287 1705 pro
305 1637 389 1689 rocali
408 1636 469 1688 306.

205 1727 290 1776 estis
307 1740 355 1792 pre
373 1725 481 1776 hostis
499 1723 559 1775 231.

205 1818 337 1864 ostreae
355 1802 464 1863 ostrea
482 1810 534 1862 392
564 1815 678 1863 ostrea
699 1811 786 1876 displl.

224 1880 281 1964 ⁸(in
299 1898 352 1950 line
370 1899 523 1960 hexametri)
545 1897 603 1948 1·2·2.

205 2013 238 2022 -
257 1986 433 2036 orimus-
453 1991 545 2036 omns
563 1985 627 2053 peri.
646 1983 706 2035 291.

478 2143 514 2196 Ρ.

204 2250 322 2313 paetus
340 2245 375 2298 55
393 2248 452 2309 boc,
470 2247 559 2298 eodem
579 2251 654 2313 pacto
672 2245 715 2298 65.

203 2322 323 2399 pacare
340 2332 445 2384 silras
463 2333 523 2386 333.

202 2420 382 2482 PacuviuS,
398 2421 544 2472 Pacuius
563 2420 623 2472 306.

201 2505 390 2559 Paedianus
407 2505 468 2558 339.

202 2609 309 2659 paena
328 2609 433 2660 poena
450 2609 534 2660 pena
552 2593 612 2644 203.

200 2681 400 2746 paeninsula
422 2680 479 2731 118.

199 2767 431 2831 paenultimus
452 2766 509 2817 119.
612 2760 622 2779 ’

198 2850 341 2905 Paeonia
365 2854 521 2904 Paeoniis
548 2853 707 2905 Paeoniis
733 2854 781 2904 tri·

234 2937 314 3004 sylll
332 2940 393 2991 280.

199 3024 364 3105 palaestra
382 3027 443 3078 406.

197 3111 337 3165 Palatia
355 3112 399 3164 37.

196 3199 372 3251 Pallantes
390 3199 451 3250 281.

197 3286 406 3353 palleiactus
427 3286 484 3337 191).

196 3377 337 3439 pansus,
355 3378 475 3441 passus
493 3373 520 3440 (a
538 3373 688 3440 pandendo)
706 3375 749 3426 55.

196 3461 344 3525 pantieis
362 3476 416 3511 ace.
434 3459 477 3511 51.

194 3546 334 3611 Paphie,
352 3547 497 3614 Paphien
515 3546 575 3598 401.

194 3631 327 3699 parsum
345 3632 389 3685 55.

192 3717 389 3786 parcus283.

192 3806 346 3873 parentis
363 3821 434 3857 nom.
454 3807 520 3873 plur.
539 3805 582 3857 56.

192 3893 383 3959 parenthesi
407 3893 537 3960 quomodo
554 3892 630 3944 Lucr.
652 3908 717 3944 usus
738 3893 774 3944 sit

229 3979 289 4032 169.

190 4066 377 4133 parietibus
395 4066 548 4134 quadrisyll.
570 4065 627 4118 130.

189 4152 309 4220 partus
326 4152 369 4204 54.
408 4208 417 4221 ⁴
458 4174 465 4185 ·

188 4241 294 4314 partis
312 4255 383 4291 nom.
402 4239 468 4306 plur.
487 4238 522 4290 56
552 4243 692 4308 aparte,
714 4253 772 4290 raro

224 4343 264 4378 ex
294 4332 389 4393 parte
417 4325 468 4377 ’259
504 4343 580 4394 pars
610 4328 684 4378 lucr.
713 4341 771 4376 cum

876 769 1023 834 quantitate
1033 774 1112 833 part.
1121 765 1230 834 perfecti
1240 767 1352 832 passivi,
1359 781 1431 834 qno·

876 871 933 906 rum
952 856 979 906 in
998 857 1130 921 praesenti
1149 862 1188 905 est
1206 851 1308 919 liquida
1319 858 1366 903 aut
1385 867 1430 903 se-

875 941 1010 992 mivocalis
1032 941 1066 992 51
1101 942 1187 994 media
1209 941 1244 992 51
1278 941 1368 990 tenuis
1390 937 1429 990 55

876 1037 955 1094 part.
983 1045 1041 1079 cum
1068 1030 1101 1080 in
1128 1030 1251 1096 negativo
1278 1027 1429 1093 composita

874 1114 911 1166 40
927 1116 1105 1182 participia
1123 1115 1219 1166 dirersi
1237 1114 1341 1180 generis
1360 1127 1428 1164 con·

876 1204 1037 1253 iunctiouem
1055 1201 1203 1253 desiderant
1221 1200 1282 1252 213.

840 1290 1012 1369 pascentis
1030 1304 1101 1340 nom.
1120 1289 1186 1354 plur.
1205 1288 1248 1340 56.

839 1375 997 1428 Pasithea
1015 1377 1112 1442 illisq.

839 1463 1041 1528 patefactum
1063 1463 1121 1515 192.

839 1551 1019 1616 patefactio
1041 1551 1098 1601 191.

839 1638 978 1704 (patior)
998 1640 1116 1705 passus
1135 1637 1177 1689 55.

837 1727 945 1791 patrui
964 1724 1051 1791 displl.
1069 1727 1109 1787 (iu
1127 1724 1179 1775 fine
1198 1724 1310 1778 hexam.)
1333 1722 1393 1775 130.

837 1813 1045 1879 pavibundus
1064 1811 1106 1862 23.

836 1900 974 1950 Paulina
992 1896 1035 1950 33.

836 1985 960 2052 paullis
979 1967 1013 2036 33
1031 2002 1056 2035 r.
1074 1987 1216 2052 quantia.

836 2072 1036 2140 paullisper.
1058 2070 1224 2123 scribendum
1247 2071 1423 2139 paulisper

871 2159 914 2211 33.

835 2246 977 2298 Paullus
995 2245 1037 2298 33.

834 2333 966 2401 paullus
985 2332 1045 2384 201.

834 2421 995 2488 pauxillis
1014 2419 1057 2472 33.

834 2509 925 2575 pacis
942 2523 1030 2559 accus.-
1047 2507 1089 2559 50.

833 2594 936 2661 pexus
955 2593 998 2645 55.

833 2696 949 2747 pecus,
967 2679 1112 2747 peqndes
1130 2677 1192 2729 305.

832 2767 961 2834 peditis
980 2781 1049 2817 nom.
1068 2765 1135 2832 plur.
1153 2764 1196 2816 51.

833 2854 1076 2921 pedetemptim,
1105 2852 1331 2917 pedetemtim‚
1356 2865 1412 2917 pe·

867 2940 1048 2993 dententim
1067 2938 1127 2990 996.

831 3028 912 3095 pelli
930 3027 982 3079 abl.
998 3025 1059 3077 425.

831 3120 953 3183 pensus
971 3112 1014 3165 55.

830 3218 951 3271 penna,
969 3201 1070 3267 pinna
1087 3198 1148 3251 331.

830 3291 859 3340 iu
882 3292 1158 3355 pentametrornm
1183 3288 1257 3338 exitu
1280 3286 1357 3338 elisio
1374 3287 1413 3338 lo-

866 3391 925 3426 cum
942 3389 997 3425 non
1016 3374 1093 3426 habet
1107 3373 1140 3424 66
1159 3374 1205 3440 qui
1217 3372 1297 3440 longa
1309 3373 1414 3440 syllaba

865 3470 990 3529 sequente
1013 3475 1069 3511 roc.
1087 3466 1135 3512 est
1158 3462 1200 3511 usi
1222 3460 1291 3513 sint:
1315 3462 1361 3528 qui
1387 3477 1413 3512 m

809 3589 817 3603 .
864 3548 978 3599 litteram
996 3562 1055 3597 cnm
1073 3553 1112 3598 est
1131 3546 1274 3598 colliserint
1293 3545 1336 3596 et.

828 3633 972 3702 pequdes
990 3650 1014 3682 r.
1034 3650 1132 3701 pecus
1150 3632 1210 3686 305.

828 3738 883 3787 per
900 3722 929 3772 in
951 3720 1140 3786 compositione
1157 3721 1293 3772 verberum
1312 3719 1412 3790 3bbsq.

827 3806 904 3875 perir
922 3806 983 3858 406.

827 3909 980 3961 peragere
998 3891 1116 3944 bellum
1135 3890 1195 3943 set.

825 3995 999 4049 peragrare
1017 3976 1077 4030 361.

824 4081 1016 4135 percurrere
1043 4066 1162 4118 absolute
1188 4072 1214 4119 et
1241 4082 1326 4133 perc.
1354 4085 1411 4138 per

860 4151 956 4218 aotsq.

824 4238 963 4308 perdius
981 4236 1042 4288 stt.

823 4327 970 4395 perditur
989 4339 1036 4391 pro
1054 4325 1139 4391 perit
1163 4341 1239 4378 uerno
1259 4330 1327 4382 dixit
1349 4330 1409 4383 121.
